
% conferences
@conference{Wang2023OHBM,
	author = {Wang, Hao-Ting and Clarke, Natasha and Meisler, Steven L and Sharmarke, Hanad and Gensollen, Nicolas and Markiewicz, Christopher J. and Paugam, François and Thirion, Bertrand and Bellec, Pierre},
	title = {Impact of confound removal strategies on functional connectivity generated from fMRIprep preprocessed data},
    year = {2023},
    month = {7},
    organization = {OHBM},
    address= {Montreal, QC,Canada}
}

@inproceedings{Wang2022IVADO,
	address = {Montreal, Canada},
	title = {A reproducible benchmark of {fMRI} denoising strategies in {fMRIPrep} and {Nilearn}},
	author = {Wang, Hao-Ting and Meisler, Steven L and Sharmarke, Hanad and Clarke, Natasha and Gensollen, Nicolas and Markiewicz, Christopher J. and Paugam, François and Thirion, Bertrand and Bellec, Pierre},
	month = oct,
	year = {2022},
}

@conference{Wang2022OHBM,
	author = {Wang, Hao-Ting and Meisler, Steven L and Sharmarke, Hanad and Gensollen, Nicolas and Markiewicz, Christopher J. and Paugam, François and Thirion, Bertrand and Bellec, Pierre},
	title = {Impact of confound removal strategies on functional connectivity generated from fMRIprep preprocessed data},
    year = {2022},
    month = {6},
    organization = {OHBM},
    address= {Glasgow, United Kingdom}
}

@conference{Wang2020OHBM2,
	author = {Wang, Hao-Ting and Rae, Charlotte and Davies, Geoff and Gould van Praag, Cassandra and Seth, Anil and Critchley, Hugo and Garfinkel, Sarah},
	title = {Insula hypoactivation is associated with dissociative experiences},
    year = {2020},
    month = {6},
    organization = {OHBM},
    address= {Virtual Conference}
}

@conference{Wang2019NH,
	author = {Wang, Hao-Ting and Ping Ho, Nerissa Siu and Bzdok, Danilo and Bernhardt, Boris C. and Margulies, Daniel S. and Jefferies, Elizabeth and Smallwood, Jonathan},
	title = {Neurocognitive patterns dissociating semantic processing from executive control are linked to more detailed off-task mental time travel},
    year = {2019},
    month = {8},
    organization = {Neurohackademy},
    address= {Seattle, USA}
}
@conference{Wang2019OHBM,
	author = {Wang, Hao-Ting and Ping Ho, Nerissa Siu and Bzdok, Danilo and Bernhardt, Boris C. and Margulies, Daniel S. and Jefferies, Elizabeth and Smallwood, Jonathan},
	title = {Neurocognitive patterns dissociating semantic processing from executive control are linked to more detailed off-task mental time travel},
    year = {2019},
    month = {6},
    organization = {OHBM},
    address= {Rome, Italy}
}
