@article{brainhack_neuroview_2021,
	title = {Brainhack: developing a culture of open, inclusive, community-driven neuroscience},
	doi = {10.1016/j.neuron.2021.04.001},
    language = {en},
	author = {Gau, Remi and Brainhack Community,  },
	journal = {Neuron},
	volume = {109},
	issue = {11},
	pages = {1769--1775},
	year = {2021},
    doi = {10.1016/j.neuron.2021.04.001},
}
