@article{wang_neurocognitive_2020,
	title = {Neurocognitive patterns dissociating semantic processing from executive control are linked to more detailed off-task mental time travel},
	volume = {10},
	copyright = {2020 The Author(s)},
	issn = {2045-2322},
	doi = {10.1038/s41598-020-67605-2},
    language = {en},
	number = {1},
	journal = {Scientific Reports},
	author = {Wang, Hao-Ting and Ho, Nerissa Siu Ping and Bzdok, Danilo and Bernhardt, Boris C. and Margulies, Daniel S. and Jefferies, Elizabeth and Smallwood, Jonathan},
	month = jul,
	year = {2020},
	pages = {11904}
}

@article{wang_finding_2020,
	title = {Finding the needle in a high-dimensional haystack: {Canonical} correlation analysis for neuroscientists},
	volume = {216},
	issn = {10538119},
	shorttitle = {Finding the needle in a high-dimensional haystack},
	doi = {10.1016/j.neuroimage.2020.116745},
	language = {en},
	journal = {NeuroImage},
	author = {Wang, Hao-Ting and Smallwood, Jonathan and Mourao-Miranda, Janaina and Xia, Cedric Huchuan and Satterthwaite, Theodore D. and Bassett, Danielle S. and Bzdok, Danilo},
	month = aug,
	year = {2020},
	pages = {116745}
}

@article{wang_patterns_2018,
	title = {Patterns of thought: {Population} variation in the associations between large-scale network organisation and self-reported experiences at rest},
	volume = {176},
	copyright = {All rights reserved},
	issn = {10538119},
	doi = {10.1016/j.neuroimage.2018.04.064},
	number = {1},
	journal = {NeuroImage},
	author = {Wang, Hao-Ting and Bzdok, Danilo and Margulies, Daniel S. and Craddock, R. Cameron and Milham, Michael P. and Jefferies, Elizabeth and Smallwood, Jonathan},
	month = aug,
	year = {2018},
	pages = {518--527}
}


@article{wang_dimensions_2018,
	title = {Dimensions of {Experience}: {Exploring} the {Ontology} of the {Wandering} {Mind}},
	volume = {29},
	issn = {0956-7976},
	doi = {10.1177/0956797617728727},
	number = {1},
	journal = {Psychological Science},
	author = {Wang, Hao-Ting and Poerio, Giulia L. and Murphy, Charlotte E. and Bzdok, Danilo and Jefferies, Elizabeth and Smallwood, Jonathan},
	month = nov,
	year = {2018},
	pages = {56--71}
}
@article{turnbull_left_2019,
	title = {Left dorsolateral prefrontal cortex supports context-dependent prioritisation of off-task thought},
	volume = {10},
	issn = {2041-1723},
	doi = {10.1038/s41467-019-11764-y},
	language = {en},
	number = {1},
	journal = {Nature Communications},
	author = {Turnbull, A. and Wang, H. T. and Murphy, C. and Ho, N. S. P. and Wang, X. and Sormaz, M. and Karapanagiotidis, T. and Leech, R. M. and Bernhardt, B. and Margulies, D. S. and Vatansever, D. and Jefferies, E. and Smallwood, J.},
	month = dec,
	year = {2019}
}


@article{sormaz_default_2018,
	title = {Default mode network can support the level of detail in experience during active task states},
	volume = {115},
	issn = {0027-8424, 1091-6490},
	doi = {10.1073/pnas.1721259115},
	language = {en},
	number = {37},
	journal = {Proceedings of the National Academy of Sciences},
	author = {Sormaz, Mladen and Murphy, Charlotte and Wang, Hao-ting and Hymers, Mark and Karapanagiotidis, Theodoros and Poerio, Giulia and Margulies, Daniel S. and Jefferies, Elizabeth and Smallwood, Jonathan},
	month = sep,
	year = {2018},
	pmid = {30150393},
	pages = {9318--9323}
}
