@article{Wang2019,
title = "Finding the needle in a high-dimensional haystack: A tutorial on canonical correlation analysis",
journal = "arXiv:1812.02598",
volume = "",
pages = "",
year = "2018",
doi = "",
author = "Hao-Ting \textbf{Wang} and Jonathan Smallwood and Janaina Mourao-Miranda and Cedric Huchuan Xia and Theodore D. Satterthwaite and Danielle S. Bassett and Danilo Bzdok",
}