@article{brainhack_neuroview_2021,
	title = {Brainhack: developing a culture of open, inclusive, community-driven neuroscience},
	doi = {10.1016/j.neuron.2021.04.001},
    language = {en},
	author = {Gau, Remi and Brainhack Community,  },
	journal = {Neuron},
	volume = {109},
	issue = {11},
	pages = {1769--1775},
	year = {2021}
}


@article{ho_missing_2020,
	title = {Missing the forest because of the trees: slower alternations during binocular rivalry are associated with lower levels of visual detail during ongoing thought},
	volume = {2020},
	shorttitle = {Missing the forest because of the trees},
	doi = {10.1093/nc/niaa020},
	language = {en},
	number = {1},
	journal = {Neuroscience of Consciousness},
	author = {Ho, Nerissa Siu Ping and Baker, Daniel and Karapanagiotidis, Theodoros and Seli, Paul and Wang, Hao Ting and Leech, Robert and Bernhardt, Boris and Margulies, Daniel and Jefferies, Elizabeth and Smallwood, Jonathan},
	month = jan,
	year = {2020},
}

@article{mckeown_relationship_2020,
	title = {The relationship between individual variation in macroscale functional gradients and distinct aspects of ongoing thought},
	volume = {220},
	issn = {10538119},
	doi = {10.1016/j.neuroimage.2020.117072},
	language = {en},
	journal = {NeuroImage},
	author = {Mckeown, BrontÃ« and Strawson, Will H. and Wang, Hao-Ting and Karapanagiotidis, Theodoros and Vos de Wael, Reinder and Benkarim, Oualid and Turnbull, Adam and Margulies, Daniel and Jefferies, Elizabeth and McCall, Cade and Bernhardt, Boris and Smallwood, Jonathan},
	month = oct,
	year = {2020},
	pages = {117072}
}

@article{konu_role_2020,
	title = {A role for the ventromedial prefrontal cortex in self-generated episodic social cognition},
	volume = {218},
	issn = {10538119},
	doi = {10.1016/j.neuroimage.2020.116977},
	language = {en},
	journal = {NeuroImage},
	author = {Konu, Delali and Turnbull, Adam and Karapanagiotidis, Theodoros and Wang, Hao-Ting and Brown, Lydia Rebecca and Jefferies, Elizabeth and Smallwood, Jonathan},
	month = sep,
	year = {2020},
	pages = {116977}
}



@article{murphy_modes_2019,
	title = {Modes of operation: {A} topographic neural gradient supporting stimulus dependent and independent cognition},
	volume = {186},
	issn = {10538119},
	shorttitle = {Modes of operation},
	doi = {10.1016/j.neuroimage.2018.11.009},
	language = {en},
	journal = {NeuroImage},
	author = {Murphy, Charlotte and Wang, Hao-Ting and Konu, Delali and Lowndes, Rebecca and Margulies, Daniel S. and Jefferies, Elizabeth and Smallwood, Jonathan},
	month = feb,
	year = {2019},
	pages = {487--496}
}


