% talks
@misc{WangTalk2018,
    author = {Wang, Hao-Ting},
    title = {{Towards an ontology of spontaneous thought}},
    howpublished = {Third year student departmental talk},
    location     = {University of York, UK},
    year = {2018},
    keywords = {talk}
    
}

@misc{WangTalk2016,
    author = {Wang, Hao-Ting},
    title = {{Towards an ontology of spontaneous thought}},
    howpublished = {PhD student departmental talk},
    location     = {University of York, UK},
    year = {2016},
    keywords = {talk}
}